@ONLINE{AMA,
	author={Nat Friedman},
	title={Iâ€™m Nat Friedman, future CEO of GitHub. AMA.},
	url={https://www.reddit.com/r/AMA/comments/8pc8mf/im_nat_friedman_future_ceo_of_github_ama/},
	year={2018},
	month={Jun}
}
@ONLINE{STACK,
	organization={{Stack Overflow}},
	title={Stack Overflow Developer Survey 2019},
	url={https://insights.stackoverflow.com/survey/2019#top},
	year={2019}
}
@BOOK {faif,
	author    = {Sam Williams},
	title     = {Free as in freedom: Richard Stallmans crusade for free software},
	publisher = {Free software foundation},
	year      = {2012},
	edition   = {second},
	url       = {https://www.fsf.org/faif}
}
@ONLINE{HALLO1,
	title={Halloween document I},
	url={http://www.catb.org/~esr/halloween/halloween1.html#quote5},
	year={1998}
}
