@BOOK {faif,
	author    = {Sam Williams},
	title     = {Free as in freedom: Richard Stallmans crusade for free software},
	publisher = {Free software foundation},
	year      = {2012},
	edition   = {second},
	url       = {https://www.fsf.org/faif}
}
@ONLINE{LINUX,
	title={The Complete History of Linux (Abridged) - Live at Linux Fest NW 2018},
	url={https://www.youtube.com/watch?v=UjDQtNYxtbU},
	author={Bryan Lunduke},
	year={2018}
}
@ARTICLE{CANCER,
	title={Ballmer: 'Linux is a cancer'},
	url={https://www.theregister.co.uk/2001/06/02/ballmer_linux_is_a_cancer/},
	year={2001},
	journal={The register},
	author={Thomas C Greene}
}
@ARTICLE{AZURE,
	title={Linux ya ha superado a Windows en Microsoft Azure},
	url={https://www.muylinux.com/2019/07/03/linux-supera-a-windows-en-microsoft-azure/},
	year={2019},
	journal={Muy linux},
	author={J Pomeyrol}
}
@ARTICLE{GITHUB,
	title={Microsoft + GitHub = Empowering Developers},
	url={https://blogs.microsoft.com/blog/2018/06/04/microsoft-github-empowering-developers/},
	year={2018},
	journal={Official Microsoft Blog},
	author={Satya Nadella}
}
